% zdroj na webe
@ gamification in marketing,
	author = "Kai Huotar, Juho Hamari",
	title = "Defining Gamification - A Service Marketing Perspective ",
	howpublished = "\url{https://dl.acm.org/doi/pdf/10.1145/2393132.2393137}",
}